<record><leader>00000cas a22000007a 4500</leader><controlfield tag="001">21050535</controlfield><controlfield tag="008">900212d196919uupr br ne      0    0spa d</controlfield><datafield ind1=" " ind2=" " tag="010"><subfield code="a">sn 90070117 </subfield></datafield><datafield ind1=" " ind2=" " tag="040"><subfield code="a">PNN</subfield><subfield code="b">eng</subfield><subfield code="c">PNN</subfield><subfield code="d">OCLCQ</subfield></datafield><datafield ind1=" " ind2=" " tag="042"><subfield code="a">msc</subfield></datafield><datafield ind1="0" ind2="3" tag="245"><subfield code="a">La repu&#769;blica.</subfield></datafield><datafield ind1=" " ind2=" " tag="260"><subfield code="a">Puerto Nuevo, P.R. :</subfield><subfield code="b">Asociacio&#769;n de Me&#769;dicos Independentistas</subfield></datafield><datafield ind1=" " ind2=" " tag="300"><subfield code="a">v.</subfield></datafield><datafield ind1=" " ind2=" " tag="310"><subfield code="a">Bimonthly</subfield></datafield><datafield ind1="1" ind2=" " tag="362"><subfield code="a">Began in 1969.</subfield></datafield><datafield ind1=" " ind2=" " tag="500"><subfield code="a">"Organo oficial de la Asociacio&#769;n de Me&#769;dicos Independentistas."</subfield></datafield><datafield ind1=" " ind2=" " tag="500"><subfield code="a">Place of publication change: Bayamo&#769;n, P.R., May 1970-</subfield></datafield><datafield ind1=" " ind2=" " tag="588"><subfield code="a">Description based on: An&#771;o 1, nu&#769;m. 5 (Nov.-Dic.,1969).</subfield></datafield><datafield ind1=" " ind2=" " tag="752"><subfield code="a">United States</subfield><subfield code="b">Puerto Rico</subfield><subfield code="d">San Juan.</subfield></datafield><datafield ind1=" " ind2=" " tag="752"><subfield code="a">United States</subfield><subfield code="b">Puerto Rico</subfield><subfield code="d">Bayamo&#769;n.</subfield></datafield></record>